<record><leader>00000cas a22000007a 4500</leader><controlfield tag="001">10479806</controlfield><controlfield tag="008">840302d18691888pauwr ne      0    0eng d</controlfield><datafield ind1=" " ind2=" " tag="010"><subfield code="a">sn 84026493 </subfield></datafield><datafield ind1=" " ind2=" " tag="040"><subfield code="a">NPU</subfield><subfield code="b">eng</subfield><subfield code="c">NPU</subfield><subfield code="d">NPX</subfield><subfield code="d">MGN</subfield><subfield code="d">OCLCQ</subfield></datafield><datafield ind1=" " ind2=" " tag="042"><subfield code="a">msc</subfield></datafield><datafield ind1="0" ind2="4" tag="245"><subfield code="a">The Susquehanna journal.</subfield></datafield><datafield ind1=" " ind2=" " tag="260"><subfield code="a">Susquehanna Depot, Pa. :</subfield><subfield code="b">B.F. Pride</subfield></datafield><datafield ind1=" " ind2=" " tag="300"><subfield code="a">v. ;</subfield><subfield code="c">61 cm.</subfield></datafield><datafield ind1=" " ind2=" " tag="310"><subfield code="a">Weekly</subfield></datafield><datafield ind1="1" ind2=" " tag="362"><subfield code="a">Began in May 1869. Cf. Stocker, R.M. Centennial hist. of Susquehanna Co., Pa., 1887.</subfield></datafield><datafield ind1="1" ind2=" " tag="362"><subfield code="a">Ceased in Apr. 1888. Cf. Salisbury, R. Pa. newspapers.</subfield></datafield><datafield ind1=" " ind2=" " tag="500"><subfield code="a">Editor: B.F. Pride, &lt;1876&gt;.</subfield></datafield><datafield ind1=" " ind2=" " tag="580"><subfield code="a">Continued by: Tri-weekly journal (Susquehanna, Pa.). Cf. Salisbury, R. Pa. newspapers.</subfield></datafield><datafield ind1=" " ind2=" " tag="588"><subfield code="a">Description based on: Vol. 4, no. 34 (Jan. 18, 1873).</subfield></datafield><datafield ind1=" " ind2=" " tag="752"><subfield code="a">United States</subfield><subfield code="b">Pennsylvania</subfield><subfield code="c">Susquehanna</subfield><subfield code="d">Susquehanna Depot.</subfield></datafield><datafield ind1="1" ind2="0" tag="785"><subfield code="t">Tri-weekly journal (Susquehanna, Pa.)</subfield><subfield code="w">(DLC)sn 87079933</subfield><subfield code="w">(OCoLC)14223913</subfield></datafield></record>